@article{verdoolaege2016presburger,
  title={\href{https://lirias.kuleuven.be/retrieve/361209}{Presburger formulas and polyhedral compilation}},
  author={Verdoolaege, Sven},
  year={2016}
}
