@inproceedings{foerster2017input,
  title={Input switched affine networks: an RNN architecture designed for interpretability},
  author={Foerster, Jakob N and Gilmer, Justin and Sohl-Dickstein, Jascha and Chorowski, Jan and Sussillo, David},
  booktitle={Proceedings of the 34th International Conference on Machine Learning-Volume 70},
  pages={1136--1145},
  year={2017},
  organization={JMLR. org}
}
@article{ha2016hypernetworks,
  title={Hypernetworks},
  author={Ha, David and Dai, Andrew and Le, Quoc V},
  journal={arXiv preprint arXiv:1609.09106},
  year={2016}
}
@article{krause2016multiplicative,
  title={Multiplicative LSTM for sequence modelling},
  author={Krause, Ben and Lu, Liang and Murray, Iain and Renals, Steve},
  journal={arXiv preprint arXiv:1609.07959},
  year={2016}
}
