@article{DBLP:journals/corr/abs-2112-05682,
  author    = {Markus N. Rabe and
               Charles Staats},
  title     = {\href{https://arxiv.org/pdf/2112.05682.pdf}{Self-attention Does Not Need O(n\({}^{\mbox{2}}\)) Memory}},
  journal   = {CoRR},
  volume    = {abs/2112.05682},
  year      = {2021},
  url       = {https://arxiv.org/abs/2112.05682},
  eprinttype = {arXiv},
  eprint    = {2112.05682},
  timestamp = {Tue, 14 Dec 2021 14:21:31 +0100},
  biburl    = {https://dblp.org/rec/journals/corr/abs-2112-05682.bib},
  bibsource = {dblp computer science bibliography, https://dblp.org}
}

@misc{lse-trick,
  author = {Gregory Gundersen},
  year = {2020},
  howpublished = "\url{https://gregorygundersen.com/blog/2020/02/09/log-sum-exp/}",
  urldate = {February 9, 2020},
  title = {The Log-Sum-Exp Trick},
  note = "[Online; accessed 17-April-2023]"
}