@article{lamport1974parallel,
  title={The parallel execution of do loops},
  author={Lamport, Leslie},
  journal={Communications of the ACM},
  volume={17},
  number={2},
  pages={83--93},
  year={1974},
  publisher={ACM New York, NY, USA}
}
