@Misc{Bas12,
  author={Bastoul, C\'{e}dric},
  title={\textit{Contributions to High-Level Program Optimization}. {H}abilitation {T}hesis. {P}aris-{S}ud {U}niversity, {F}rance},
  month=dec,
  year=2012,
}

@PhdThesis{TBas,
  author={Bastoul, C\'{e}dric},
  title={Improving Data Locality in Static Control Programs},
  school={University Paris 6, Pierre et Marie Curie, France},
  month=dec,
  year=2004,
}

@article{xue1997tiling,
  title={\href{http://citeseerx.ist.psu.edu/viewdoc/download?doi=10.1.1.26.9719&rep=rep1&type=pdf}{On tiling as a loop transformation}},
  author={Xue, Jingling},
  journal={Parallel Processing Letters},
  volume={7},
  number={04},
  pages={409--424},
  year={1997},
  publisher={World Scientific}
}
@inproceedings{griebl1998code,
  title={\href{https://www.infosun.fim.uni-passau.de/publications/docs/GLW98pact.pdf}{Code generation in the polytope model}},
  author={Griebl, Martin and Lengauer, Christian and Wetzel, Sabine},
  booktitle={Proceedings. 1998 International Conference on Parallel Architectures and Compilation Techniques (Cat. No. 98EX192)},
  pages={106--111},
  year={1998},
  organization={IEEE}
}
