@inproceedings{DBLP:conf/nips/VaswaniSPUJGKP17,
  author       = {Ashish Vaswani and
                  Noam Shazeer and
                  Niki Parmar and
                  Jakob Uszkoreit and
                  Llion Jones and
                  Aidan N. Gomez and
                  Lukasz Kaiser and
                  Illia Polosukhin},
  title        = {\href{https://arxiv.org/pdf/1706.03762.pdf}{Attention is All you Need}},
  booktitle    = {{NIPS}},
  pages        = {5998--6008},
  year         = {2017}
}
@article{DBLP:journals/corr/abs-2303-06865,
  author       = {Ying Sheng and
                  Lianmin Zheng and
                  Binhang Yuan and
                  Zhuohan Li and
                  Max Ryabinin and
                  Daniel Y. Fu and
                  Zhiqiang Xie and
                  Beidi Chen and
                  Clark W. Barrett and
                  Joseph E. Gonzalez and
                  Percy Liang and
                  Christopher R{\'{e}} and
                  Ion Stoica and
                  Ce Zhang},
  title        = {\href{https://arxiv.org/pdf/2303.06865.pdf}{High-throughput Generative Inference of Large Language Models with
                  a Single {GPU}}},
  journal      = {CoRR},
  volume       = {abs/2303.06865},
  year         = {2023}
}

@article{DBLP:journals/corr/abs-2210-03052,
  author       = {Yujia Zhai and
                  Chengquan Jiang and
                  Leyuan Wang and
                  Xiaoying Jia and
                  Shang Zhang and
                  Zizhong Chen and
                  Xin Liu and
                  Yibo Zhu},
  title        = {\href{https://arxiv.org/pdf/2210.03052.pdf}{ByteTransformer: {A} High-Performance Transformer Boosted for Variable-Length
                  Inputs}},
  journal      = {CoRR},
  volume       = {abs/2210.03052},
  year         = {2022}
}

@inproceedings{DBLP:conf/sc/AminabadiRALLZRSZRH22,
  author       = {Reza Yazdani Aminabadi and
                  Samyam Rajbhandari and
                  Ammar Ahmad Awan and
                  Cheng Li and
                  Du Li and
                  Elton Zheng and
                  Olatunji Ruwase and
                  Shaden Smith and
                  Minjia Zhang and
                  Jeff Rasley and
                  Yuxiong He},
  title        = {\href{https://arxiv.org/pdf/2207.00032.pdf}{DeepSpeed- Inference: Enabling Efficient Inference of Transformer
                  Models at Unprecedented Scale}},
  booktitle    = {{SC}},
  pages        = {46:1--46:15},
  publisher    = {{IEEE}},
  year         = {2022}
}