@article{lamport1974parallel,
  title={The parallel execution of do loops},
  author={Lamport, Leslie},
  journal={Communications of the ACM},
  volume={17},
  number={2},
  pages={83--93},
  year={1974},
  publisher={ACM New York, NY, USA}
}
@Misc{EliBendersky,
howpublished = {\url{https://eli.thegreenplace.net/2018/affine-transformations/}},
note = {Accessed Feburary 4, 2020},
title = {Affine transformations},
author = {Eli Bendersky}
}
@Misc{Diophantinewiki,
howpublished = {\url{https://en.wikipedia.org/wiki/Diophantine_equation}},
note = {Accessed Feburary 4, 2020},
title = {Diophantine equation},
author = {}
}
@inproceedings{irigoin1988supernode,
  title={Supernode partitioning},
  author={Irigoin, Fran{\c{c}}ois and Triolet, Remi},
  booktitle={Proceedings of the 15th ACM SIGPLAN-SIGACT symposium on Principles of programming languages},
  pages={319--329},
  year={1988}
}
@article{wolf1991loop,
  title={A loop transformation theory and an algorithm to maximize parallelism},
  author={Wolf, Michael E and Lam, Monica S},
  journal={IEEE Transactions on Parallel \& Distributed Systems},
  number={4},
  pages={452--471},
  year={1991},
  publisher={IEEE}
}
@book{mordell1969diophantine,
  title={Diophantine equations},
  author={Mordell, Louis Joel},
  year={1969},
  publisher={Academic Press}
}
