@inproceedings{DBLP:conf/soda/KarloffSV10,
  author       = {Howard J. Karloff and
                  Siddharth Suri and
                  Sergei Vassilvitskii},
  editor       = {Moses Charikar},
  title        = {A Model of Computation for MapReduce},
  booktitle    = {Proceedings of the Twenty-First Annual {ACM-SIAM} Symposium on Discrete
                  Algorithms, {SODA} 2010, Austin, Texas, USA, January 17-19, 2010},
  pages        = {938--948},
  publisher    = {{SIAM}},
  year         = {2010},
  url          = {https://doi.org/10.1137/1.9781611973075.76},
  doi          = {10.1137/1.9781611973075.76},
  timestamp    = {Tue, 02 Feb 2021 17:07:39 +0100},
  biburl       = {https://dblp.org/rec/conf/soda/KarloffSV10.bib},
  bibsource    = {dblp computer science bibliography, https://dblp.org}
}

@article{DBLP:journals/jfp/Hutton99,
  author       = {Graham Hutton},
  title        = {A Tutorial on the Universality and Expressiveness of Fold},
  journal      = {J. Funct. Program.},
  volume       = {9},
  number       = {4},
  pages        = {355--372},
  year         = {1999},
  url          = {https://doi.org/10.1017/s0956796899003500},
  doi          = {10.1017/s0956796899003500},
  timestamp    = {Tue, 21 Mar 2023 21:08:36 +0100},
  biburl       = {https://dblp.org/rec/journals/jfp/Hutton99.bib},
  bibsource    = {dblp computer science bibliography, https://dblp.org}
}

@inproceedings{DBLP:conf/sosp/YuGI09,
  author       = {Yuan Yu and
                  Pradeep Kumar Gunda and
                  Michael Isard},
  editor       = {Jeanna Neefe Matthews and
                  Thomas E. Anderson},
  title        = {Distributed aggregation for data-parallel computing: interfaces and
                  implementations},
  booktitle    = {Proceedings of the 22nd {ACM} Symposium on Operating Systems Principles
                  2009, {SOSP} 2009, Big Sky, Montana, USA, October 11-14, 2009},
  pages        = {247--260},
  publisher    = {{ACM}},
  year         = {2009},
  url          = {https://doi.org/10.1145/1629575.1629600},
  doi          = {10.1145/1629575.1629600},
  timestamp    = {Sun, 02 Jun 2019 21:14:25 +0200},
  biburl       = {https://dblp.org/rec/conf/sosp/YuGI09.bib},
  bibsource    = {dblp computer science bibliography, https://dblp.org}
}

@inproceedings{DBLP:conf/cloud/LiuZZMGM14,
  author       = {Chang Liu and
                  Jiaxing Zhang and
                  Hucheng Zhou and
                  Sean McDirmid and
                  Zhenyu Guo and
                  Thomas Moscibroda},
  editor       = {Ed Lazowska and
                  Doug Terry and
                  Remzi H. Arpaci{-}Dusseau and
                  Johannes Gehrke},
  title        = {Automating Distributed Partial Aggregation},
  booktitle    = {Proceedings of the {ACM} Symposium on Cloud Computing, Seattle, WA,
                  USA, November 3-5, 2014},
  pages        = {1:1--1:12},
  publisher    = {{ACM}},
  year         = {2014},
  url          = {https://doi.org/10.1145/2670979.2670980},
  doi          = {10.1145/2670979.2670980},
  timestamp    = {Mon, 22 Jul 2019 13:37:32 +0200},
  biburl       = {https://dblp.org/rec/conf/cloud/LiuZZMGM14.bib},
  bibsource    = {dblp computer science bibliography, https://dblp.org}
}

@article{welford1962note,
  title={Note on a method for calculating corrected sums of squares and products},
  author={Welford, BP},
  journal={Technometrics},
  volume={4},
  number={3},
  pages={419--420},
  year={1962},
  publisher={Taylor \& Francis}
}

@inproceedings{chan1982updating,
  title={Updating formulae and a pairwise algorithm for computing sample variances},
  author={Chan, Tony F and Golub, Gene H and LeVeque, Randall J},
  booktitle={COMPSTAT 1982 5th Symposium held at Toulouse 1982: Part I: Proceedings in Computational Statistics},
  pages={30--41},
  year={1982},
  organization={Springer}
}