@article{girbal2006semi,
  title={\href{https://link.springer.com/content/pdf/10.1007/s10766-006-0012-3.pdf}
  {Semi-automatic composition of loop transformations for deep parallelism and memory hierarchies}},
  author={Girbal, Sylvain and Vasilache, Nicolas and Bastoul, C{\'e}dric and Cohen, Albert and Parello, David and Sigler, Marc and Temam, Olivier},
  journal={International Journal of Parallel Programming},
  volume={34},
  number={3},
  pages={261--317},
  year={2006},
  publisher={Springer}
}
@article{vasilache2007scalable,
  title={Scalable program optimization techniques in the polyhedral model},
  author={Vasilache, Nicolas},
  journal={These de doctorat, Universit{\'e} de Paris-Sud},
  volume={11},
  year={2007}
}
