@article{lamport1974parallel,
  title={The parallel execution of do loops},
  author={Lamport, Leslie},
  journal={Communications of the ACM},
  volume={17},
  number={2},
  pages={83--93},
  year={1974},
  publisher={ACM New York, NY, USA}
}
@article{wolf1991loop,
  title={A loop transformation theory and an algorithm to maximize parallelism},
  author={Wolf, Michael E and Lam, Monica S},
  journal={IEEE Transactions on Parallel \& Distributed Systems},
  number={4},
  pages={452--471},
  year={1991},
  publisher={IEEE}
}
@book{banerjee2013loop,
  title={Loop parallelization},
  author={Banerjee, Utpal},
  year={2013},
  publisher={Springer Science \& Business Media}
}
